@Article{expOnto,
author = {C. Reynaud, B. Safar, and H. Gagliardi},
title = {Une experience de representation d'une ontologie dans le mediateur picsel},
journal = {IC 2001},
year = {2001},
}


@Misc{w3c,
author = {W3C},
title = {Simple object access protocol (soap)},
year = {2000},
note = {http ://www.w3.org/TR/SOAP},
}

@InProceedings{semanticsWS,
author = {A. Ankolenkar, F. Hutch, and K. Sycara},
title = {Concurrent semantics for the web services specification language daml-s},
booktitle = {The  Fifth  International Conference on Coordination Models and Languages},
}

@Article{rewritingLogic,
author = {J. Mesegue},
title = {Rewriting logic and maude : Concepts and applications},
journal = {RTA 2000},
year = {2000},
}

@Book{commsProc,
author = {C.A.R Hoare},
title = {Communicating Sequential Processes},
year = {1986},
}

@Misc{wsdl,
author = {E. Christensen, F. Curbera, G. Meredith, and S. Weerawarana},
title = {Web services description language (wsdl)},
year = {2001},
note = {http ://www.w3.org/TR/wsdl},
}
